@article{Artelt2024,
    doi = {10.21105/joss.07104},
    url = {https://doi.org/10.21105/joss.07104},
    year = {2024},
    publisher = {The Open Journal},
    volume = {9},
    number = {103},
    pages = {7104},
    author = {Andr√© Artelt and Marios S. Kyriakou and Stelios G. Vrachimis and Demetrios G. Eliades and Barbara Hammer and Marios M. Polycarpou},
    title = {EPyT-Flow: A Toolkit for Generating Water Distribution Network Data},
    journal = {Journal of Open Source Software}
}
