@inproceedings{mckee_review_2011,
  title={A review of major centrifugal pump failure modes with application to the water supply and sewerage industries},
  author={McKee, Kristoffer and Forbes, Gareth and Mazhar, Muhammad Ilyas and Entwistle, Rodney and Howard, Ian},
  booktitle={ICOMS asset management conference proceedings},
  year={2011},
  organization={Asset Management Council}
}
